%% This BibTeX bibliography file was created using BibDesk.
%% http://bibdesk.sourceforge.net/

%% Created for Cristina Cornelio at 2016-12-03 12:19:00 -0500 


%% Saved with string encoding Unicode (UTF-8) 



@url{lean-TAP-website,
	Author = {Beckert, B. and Posegga, J. },
	Date-Added = {2016-12-03 17:17:31 +0000},
	Date-Modified = {2016-12-03 17:18:54 +0000},
	Title = {The leanTAP-FAQ: Frequently Asked Questions about leanTAP},
	Url = {http://formal.iti.kit.edu/beckert/leantap}}

@inproceedings{lean-TAP,
	Author = {Beckert, B. and Posegga, J. },
	Booktitle = {12th International Conference on Automated Deduction},
	Date-Added = {2016-12-03 17:15:26 +0000},
	Date-Modified = {2016-12-03 17:17:23 +0000},
	Pages = {793--797},
	Title = {leanTAP: lean tableau-based theorem proving.},
	Year = {1994}}

@article{MarkovChain,
	Author = {Baum, Leonard E. and Petrie, Ted},
	Fjournal = {The Annals of Mathematical Statistics},
	Journal = {Ann. Math. Statist.},
	Publisher = {The Institute of Mathematical Statistics},
	Title = {Statistical Inference for Probabilistic Functions of Finite State Markov Chains},
	Volume = {37},
	Year = {1966}}

@article{MarkovRandomField,
	Author = {Kindermann, Ross and Snell J. Laurie},
	Date-Added = {2016-11-03 19:53:57 +0000},
	Date-Modified = {2016-11-03 19:55:27 +0000},
	Journal = {American Mathematical Society.},
	Title = {Markov Random Fields and Their Applications.},
	Year = {1980}}

@article{PRISM2001,
	Author = {T. Sato and Y. Kameya},
	Date-Added = {2016-11-03 19:35:36 +0000},
	Date-Modified = {2016-11-03 19:36:23 +0000},
	Journal = {Journal of Artificial Intelligence Research},
	Title = {Parameter learning of logic programs for symbolic-statistical modeling.},
	Year = {2001}}

@inproceedings{PRISM95,
	Author = {T. Sato},
	Booktitle = {Proc. Twelfth International Conference on Logic Programming},
	Date-Added = {2016-11-03 19:33:46 +0000},
	Date-Modified = {2016-11-03 19:35:16 +0000},
	Title = {A statistical learning method for logic programs with dis- tribution semantics. In Sterling, L. (Ed.),},
	Year = {1995}}

@article{IndipendentChoiceLogic97,
	Author = {D. Poole},
	Date-Added = {2016-11-03 19:32:35 +0000},
	Date-Modified = {2016-11-03 19:33:20 +0000},
	Journal = {Artificial Intelligence},
	Title = {The independent choice logic for modelling multiple agents under uncertainty.},
	Year = {1997}}

@article{IndipendentChoiceLogic93,
	Author = {D. Poole},
	Date-Added = {2016-11-03 19:31:26 +0000},
	Date-Modified = {2016-11-03 19:32:15 +0000},
	Journal = {Artificial Intelligence},
	Title = {Probabilistic Horn abduction and Bayesian networks.},
	Year = {1993}}

@inproceedings{annotatedDisjunctions,
	Author = {Joost Vennekens and Sofie Verbaeten and Maurice Bruynooghe and Celestijnenlaan A},
	Booktitle = {In Proc. Int?l Conf. on Logic Programming},
	Pages = {431--445},
	Publisher = {Springer},
	Title = {Logic programs with annotated disjunctions},
	Year = {2004}}

@article{CP-logic,
	Author = {Joost Vennekens and Marc Denecker and Maurice Bruynooghe},
	Journal = {CoRR},
	Title = {CP-logic: {A} Language of Causal Probabilistic Events and Its Relation to Logic Programming},
	Year = {2009}}

@misc{dynamicBN,
	Author = {Kevin Patrick Murphy},
	Title = {Dynamic Bayesian Networks: Representation, Inference and Learning},
	Year = {2002}}

@inproceedings{timeBN,
	Author = {Uri Nodelman and Christian R. Shelton and Daphne Koller},
	Booktitle = {Proceedings of the Eighteenth International Conference on Uncertainty in Artificial Intelligence},
	Booktitleabbr = {{UAI}},
	Title = {Continuous Time {B}ayesian Networks},
	Year = 2002}

@techreport{BLOG,
	Author = {Li, Lei and Russell, Stuart J.},
	Title = {The BLOG Language Reference},
	Year = {2013}}

@inproceedings{cite-key,
	Date-Added = {2016-11-03 15:38:02 +0000},
	Date-Modified = {2016-11-03 15:38:02 +0000}}

@inproceedings{ProbLog_original,
	Author = {L. De Raedt and A. Kimmig and H. Toivonen.},
	Booktitle = {In Proc. 20th International Joint Conf. on Artificial Intelligence},
	Date-Added = {2016-11-03 15:35:01 +0000},
	Date-Modified = {2016-11-03 15:35:47 +0000},
	Title = {ProbLog: A probabilistic Prolog and its application in link discovery},
	Year = {2007}}

@techreport{LogicBN_1,
	Author = {Kersting, Kristian and De Raedt, Luc},
	Publisher = {Albert-Ludwigs University at Freiburg},
	Title = {Bayesian Logic Programs},
	Year = {2001}}

@inproceedings{LogicBN,
	Author = {L. De Raedt and K. Kersting},
	Booktitle = {ACM-SIGKDD Explorations: Special issue on Multi-Relational Data Mining},
	Date-Added = {2016-11-03 15:27:04 +0000},
	Date-Modified = {2016-11-03 15:27:47 +0000},
	Title = {Probabilistic Logic Learning.},
	Year = {2003}}

@inproceedings{cussens_1999,
	Author = {J. Cussens},
	Booktitle = {In Proceedings of the Fifteenth Annual Conference on Uncertainty in Artificial Intelligence (UAI-1999)},
	Date-Added = {2016-11-03 15:22:47 +0000},
	Date-Modified = {2016-11-03 15:23:32 +0000},
	Title = {Loglinear models for first-order probabilistic reasoning.},
	Year = {1999}}

@article{SCFG_2,
	Author = {Y. Sakakibara and M. Brown and R. Hughey and I. S. Mian and K. Sjolander and R. C. Underwood and D. Haussler},
	Date-Added = {2016-11-03 15:11:46 +0000},
	Date-Modified = {2016-11-03 15:13:42 +0000},
	Journal = {Nucleic Acids Research},
	Title = {Stochastic context-free grammars for tRNA modeling.},
	Year = {1994}}

@article{SCFG_1,
	Author = {S. R. Eddy and R. Durbin},
	Date-Added = {2016-11-03 15:10:49 +0000},
	Date-Modified = {2016-11-03 15:11:44 +0000},
	Journal = {Nucleic Acids Research},
	Title = {RNA sequence anaysis using covariance models.},
	Year = {1994}}

@book{chomsky_book,
	Author = {Noam Chomsky},
	Date-Added = {2016-11-03 15:07:27 +0000},
	Date-Modified = {2016-11-03 15:15:23 +0000},
	Publisher = {Mouton and Co. Publishers},
	Title = {Syntactic Structures},
	Year = {1957}}

@article{ASP_2,
	Author = {I. Niemela},
	Date-Added = {2016-11-03 14:39:05 +0000},
	Date-Modified = {2016-11-03 14:39:43 +0000},
	Journal = {Annals of Mathematics and Artificial Intelligence},
	Title = {Logic programs with stable model semantics as a constraint program- ming paradigm.},
	Year = {1999}}

@article{ASP_1,
	Author = {V.W. Marek and M. Truszczynski.},
	Date-Added = {2016-11-03 14:36:36 +0000},
	Date-Modified = {2016-11-03 14:38:59 +0000},
	Journal = {In The Logic Programming Paradigm: a 25-Year Perspective},
	Pages = {375--398},
	Publisher = {Springer-Verlag},
	Title = {Stable models and an alternative logic programming paradigm.},
	Year = {1999}}

@inbook{RCC,
	Author = {Jagadeesan, Radha and Nadathur, Gopalan and Saraswat, Vijay},
	Booktitle = {FSTTCS 2005: Foundations of Software Technology and Theoretical Computer Science: 25th International Conference, Hyderabad, India, December 15-18, 2005. Proceedings},
	Publisher = {Springer Berlin Heidelberg},
	Title = {Testing Concurrent Systems: An Interpretation of Intuitionistic Logic},
	Year = {2005}}

@inproceedings{proppr_article,
	Author = {Wang, William Yang and Mazaitis, Kathryn and Cohen, William W.},
	Booktitle = {Proceedings of the 22Nd ACM International Conference on Information \& Knowledge Management},
	Series = {CIKM '13},
	Title = {Programming with Personalized Pagerank: A Locally Groundable First-order Probabilistic Logic},
	Year = {2013}}

@inproceedings{proppr_summary,
	Author = {Wang, William Yang and Mazaitis, Kathryn and Cohen, William W.},
	Booktitle = {Proceedings of the 13th AAAI Conference on Statistical Relational AI},
	Publisher = {AAAI Press},
	Series = {AAAIWS'14-13},
	Title = {ProPPR: Efficient First-order Probabilistic Logic Programming for Structure Discovery, Parameter Learning, and Scalable Inference},
	Year = {2014}}

@article{proppr_journal,
	Author = {William Yang Wang and Kathryn Mazaitis and Ni Lao and William W. Cohen},
	Journal = {Machine Learning},
	Number = {1},
	Title = {Efficient inference and learning in a large knowledge base - Reasoning with extracted information using a locally groundable first-order probabilistic logic},
	Volume = {100},
	Year = {2015}}

@article{chomsky56,
	Author = {Chomsky, N.},
	Journal = {Information Theory, IEEE Transactions on},
	Number = {3},
	Pages = {113--124},
	Title = {{Three models for the description of language}},
	Volume = {2},
	Year = {1956}}

@article{markovLogicNetworks,
	Author = {Richardson, Matthew and Domingos, Pedro},
	Journal = {Mach. Learn.},
	Pages = {107--136},
	Title = {Markov Logic Networks},
	Year = {2006}}

@book{ccpSurvey,
	Author = {Carlos Olarte and Camilo Rueda and Frank D. Valencia},
	Date-Added = {2016-11-02 22:09:15 +0000},
	Date-Modified = {2016-11-02 22:10:23 +0000},
	Publisher = {Constraints, Springer Verlag},
	Title = {Models and Emerging Trends of Concurrent Constraint Programming.},
	Year = {2013}}

@inproceedings{Sar93,
	Author = {Vijay Saraswat},
	Booktitle = {Doctoral Dissertation Award and Logic Programming Series},
	Date-Added = {2016-11-02 22:07:21 +0000},
	Date-Modified = {2016-11-02 22:08:46 +0000},
	Editor = {MIT Press},
	Title = {Concurrent constraint programming.},
	Year = {1993}}

@article{SLPcussens2001,
	Author = {Cussens, James},
	Journal = {Mach. Learn.},
	Number = {3},
	Pages = {245--271},
	Publisher = {Kluwer Academic Publishers},
	Title = {Parameter Estimation in Stochastic Logic Programs},
	Volume = {44},
	Year = {2001}}

@inproceedings{SLPcussens2000,
	Author = {Cussens, James},
	Booktitle = {Proceedings of the Sixteenth Conference on Uncertainty in Artificial Intelligence},
	Series = {UAI'00},
	Title = {Stochastic Logic Programs: Sampling, Inference and Applications},
	Year = {2000}}

@article{PCC,
	Author = {Vineet Gupta and Radha Jagadeesan and Vijay Saraswat},
	Booktitle = {{CONCUR} '97: concurrency theory ({Warsaw})},
	Journal = {j-LECT-NOTES-COMP-SCI},
	Title = {Probabilistic concurrent constraint programming},
	Volume = {1243},
	Year = {1997}}

@inproceedings{SLPmuggleton96,
	Author = {Stephen Muggleton},
	Booktitle = {New Generation Computing},
	Date-Modified = {2016-11-03 20:26:11 +0000},
	Publisher = {Academic Press},
	Title = {Stochastic Logic Programs},
	Year = {1996}}

@inproceedings{citation11,
	Author = {Jung, S. and Hong, J. and Kim, T.},
	Booktitle = {Proceedings of TKDE},
	Date-Added = {2016-01-31 21:19:38 +0000},
	Date-Modified = {2016-02-01 00:00:58 +0000},
	Title = {A statistical model for user preference},
	Year = {2005}}

@inproceedings{citation27,
	Author = {Truyen, T.T. and Phung, D.Q. and Venkatesh, S.},
	Booktitle = {Proceedings of AusDM},
	Date-Added = {2016-01-31 21:18:20 +0000},
	Date-Modified = {2016-02-01 00:01:07 +0000},
	Title = {Preference networks: Probabilistic models for recommendation systems},
	Year = {2007}}

@article{OntologiesDatalog,
	Author = {Lukasiewicz, Thomas and Martinez, Maria Vanina and Simari, Gerardo I. and Tifrea-Marciuska, Oana},
	Date-Added = {2016-01-31 21:05:57 +0000},
	Date-Modified = {2016-01-31 21:07:18 +0000},
	Journal = {Journal on Data Semantics},
	Title = {Preference-Based Query Answering in Probabilistic Datalog+/--{\^A} Ontologies.},
	Year = {2014}}

@inbook{BehavioralSocialChoice,
	Author = {Regenwetter, Michel and Grofman, Bernard and Marley, A. A. J. and Tsetlin, Ilia},
	Date-Added = {2016-01-31 20:40:12 +0000},
	Date-Modified = {2016-02-01 00:00:26 +0000},
	Publisher = {Cambridge University Press.},
	Title = {Behavioral Social Choice: Probabilistic Models, Statistical Inference, and Applications.},
	Year = {2006}}

@inproceedings{CPrefMiner,
	Author = {de Amo, S. and Bueno, M.L.P. and Alves, G. and Silva, N.F.},
	Booktitle = {Proceedings of IEEE 24th International Conference on Tools with Artificial Intelligence, ICTAI 2012},
	Date-Added = {2016-01-31 20:29:59 +0000},
	Date-Modified = {2016-02-01 00:01:19 +0000},
	Title = {CPrefMiner: An Algorithm for Mining User Contextual Preferences Based on Bayesian Networks.},
	Year = {2012}}

@inproceedings{logicProbabilisticNetworks,
	Author = {Thomas Lukasiewicz and Maria Vanina Martinez and Gerardo I. Simari},
	Booktitle = {Proceedings of the 21st European Conference on Artificial Intelligence‚ ECAI-14},
	Date-Added = {2016-01-31 20:24:05 +0000},
	Date-Modified = {2016-01-31 20:24:53 +0000},
	Title = {Probabilistic Preference Logic Networks},
	Year = {2014}}

@inproceedings{learningLiu,
	Author = {Liu, J. and Xiong, Y. and Wu, C. and Yao, Z. and Liu, W.},
	Booktitle = {Proceedings of TKDE},
	Date-Added = {2016-01-31 14:24:39 +0000},
	Date-Modified = {2016-02-01 00:02:25 +0000},
	Title = {Learning conditional preference networks from inconsistent examples.},
	Year = {2012}}

@inproceedings{learningDimopoulos,
	Author = {Dimopoulos, Y. and Michael, L. and and Athienitou, F.},
	Booktitle = {Proceedings of IJCAI-09},
	Date-Added = {2016-01-31 14:23:53 +0000},
	Date-Modified = {2016-02-01 00:02:01 +0000},
	Title = {Ceteris paribus preference elicitation with predictive guarantees.},
	Year = {2009}}

@inproceedings{learningEckhardt2,
	Author = {Eckhardt, Alan and Vojt{\'a}{\v{s}}, Peter},
	Booktitle = {Proceedings of SOFSEM},
	Date-Added = {2016-01-31 14:22:28 +0000},
	Date-Modified = {2016-02-01 00:02:17 +0000},
	Title = {Learning user preferences for 2CP-regression for a recommender system.},
	Year = {2010}}

@inproceedings{learningEckhardt1,
	Author = {Eckhardt, Alan and Vojt{\'a}{\v{s}}, Peter},
	Booktitle = {Proceedings of IFSA/EUSFLAT},
	Date-Added = {2016-01-31 14:21:17 +0000},
	Date-Modified = {2016-02-01 00:02:09 +0000},
	Title = {How to learn fuzzy user preferences with variable objectives.},
	Year = {2009}}

@inproceedings{multiYaman,
	Author = {Yaman,F. and Walsh, T. and Littman, M. and desJardins, M.},
	Booktitle = {Proceedings of ICML-08},
	Date-Added = {2016-01-31 13:05:25 +0000},
	Date-Modified = {2016-02-01 00:03:42 +0000},
	Title = {Democratic approximation of lexicographic preference models.},
	Year = {2008}}

@article{lexicMulti,
	Author = {Dombi,J. and Imreh C. and Vincze N.},
	Date-Added = {2016-01-31 13:03:08 +0000},
	Date-Modified = {2016-02-01 00:02:57 +0000},
	Journal = {Eur. J. of Operational Research},
	Title = {Learning lexicographic orders.},
	Year = {2007}}

@article{multiSchmitt,
	Author = {Schmitt, M. and Martignon, L.},
	Date-Added = {2016-01-31 13:01:59 +0000},
	Date-Modified = {2016-02-01 00:03:20 +0000},
	Journal = {J. Mach. Learn. Res.},
	Title = {On the complexity of learning lexicographic strategies.},
	Year = {2006}}

@inproceedings{elicitationMultiDom,
	Author = {Domshlak, C. and Joachims, T.},
	Booktitle = {Proceedings of User Modeling and User Adapted Interaction (UMUAI)},
	Date-Added = {2016-01-31 13:00:18 +0000},
	Date-Modified = {2016-02-01 00:01:28 +0000},
	Title = {Efficient and non-parametric reasoning over user preferences.},
	Year = {2007}}

@inproceedings{elicitationMultiHa,
	Author = {Ha V. and Haddawy P.},
	Booktitle = {Proceedings of UAI-97},
	Date-Added = {2016-01-31 12:57:11 +0000},
	Date-Modified = {2016-02-01 00:01:37 +0000},
	Title = {Problem-focused incremental elicitation of multi-attribute utility models.},
	Year = {1997}}

@article{elicitationViappiani,
	Author = {Viappiani, P. and Faltings, B. and Pu, P.},
	Date-Added = {2016-01-31 12:34:03 +0000},
	Date-Modified = {2016-01-31 12:35:10 +0000},
	Journal = {JAIR},
	Title = {Preference-based search using example-critiquing with suggestions.},
	Year = {2006}}

@article{elicitationBoutilier,
	Author = {Braziunas, D. and Boutilier, Craig},
	Date-Added = {2016-01-31 12:32:26 +0000},
	Date-Modified = {2016-01-31 12:33:53 +0000},
	Journal = {AI Magazine},
	Title = {Elicitation of factored utilities.},
	Year = {2008}}

@techreport{elicitationChen,
	Author = {Chen L. and Pu P.},
	Date-Added = {2016-01-31 12:31:29 +0000},
	Date-Modified = {2016-01-31 12:32:15 +0000},
	Title = {Survey of preference elicitation methods.},
	Year = {2004}}

@article{separableImportance,
	Author = {Bradley W. J. and Hodge J. K. and Kilgour D.M.},
	Date-Added = {2016-01-31 11:48:39 +0000},
	Date-Modified = {2016-02-01 00:04:46 +0000},
	Journal = {Mathematical Social Sciences},
	Title = {Separable discrete preferences.},
	Year = {2005}}

@inproceedings{learningZanuttini,
	Author = {Koriche, Fr{\'e}d{\'e}ric and Zanuttini, Bruno},
	Booktitle = {Proceedings of IJCAI-09, 21st International Joint Conference on Artificial Intelligence},
	Date-Added = {2016-01-31 11:29:40 +0000},
	Date-Modified = {2016-02-01 00:02:43 +0000},
	Title = {Learning Conditional Preference Networks with Queries},
	Year = {2009}}

@inproceedings{tomLearning,
	Author = {Guerin, Joshua T. and Allen, Thomas E. and Goldsmith, Judy},
	Booktitle = {Proceedings of AAAI-13, Twenty-Seventh AAAI Conference on Artificial Intelligence},
	Date-Added = {2016-01-31 11:25:00 +0000},
	Date-Modified = {2016-02-01 00:05:27 +0000},
	Title = {Learning CP-net Preferences Online from User Queries},
	Year = {2013}}

@inbook{learninChevaleyre,
	Author = {Chevaleyre, Yann and Koriche, Fr{\'e}d{\'e}ric and Lang, J{\'e}r{\^o}me and Mengin, J{\'e}r{\^o}me and Zanuttini, Bruno},
	Chapter = {Learning Ordinal Preferences on Multiattribute Domains: The Case of CP-nets},
	Date-Added = {2016-01-31 11:18:53 +0000},
	Date-Modified = {2016-01-31 11:20:21 +0000},
	Publisher = {Springer Berlin Heidelberg},
	Title = {Preference Learning},
	Year = {2011}}

@inproceedings{learningLOGIC,
	Author = {Lang, J{\'e}r{\^o}me and Mengin, J{\'e}r{\^o}me},
	Booktitle = {Proceedings of IJCAI-09, 21st International Joint Conference on Artificial Intelligence},
	Date-Added = {2016-01-31 11:13:32 +0000},
	Date-Modified = {2016-02-01 00:02:37 +0000},
	Title = {The Complexity of Learning Separable ceteris paribus Preferences},
	Year = {2009}}

@misc{unos,
	Date-Added = {2016-01-30 18:59:14 +0000},
	Date-Modified = {2016-01-30 19:02:09 +0000},
	Howpublished = {http://www.unos.org/},
	Title = {UNOS. United Network for Organ Sharing (UNOS).}}

@inproceedings{lang2007,
	Author = {J. Lang},
	Booktitle = {Proc. of the Twentieth International Joint Conference on Artificial Intelligence},
	Date-Added = {2016-01-28 17:11:35 +0000},
	Date-Modified = {2016-01-28 17:12:57 +0000},
	Title = {Vote and aggregation in combinatorial domains with structured preferences.},
	Year = {2007}}

@article{referendum,
	Author = {Lacy Dean, Emerson M. S. Niou},
	Journal = {Journal of TheoreticalPolitics},
	Title = {A Problem with Referendums},
	Year = {2000}}

@inproceedings{BN_edge_deletion,
	Author = {Arthur Choi and Hei Chan and Adnan Darwiche},
	Booktitle = {Proceedings of the 21st Conference on Uncertainty in Artificial Intelligence},
	Date-Added = {2015-10-27 19:16:44 +0000},
	Date-Modified = {2015-10-27 19:17:23 +0000},
	Title = {On Bayesian network approximation by edge deletion},
	Year = {2005}}

@book{algorithms_graphs,
	Author = {Cormen, Thomas H. and Leiserson, Charles E. and Rivest, Ronald L. and Stein, Clifford},
	Date-Added = {2015-10-27 19:05:54 +0000},
	Date-Modified = {2015-10-27 19:06:46 +0000},
	Editor = {3rd},
	Publisher = {The MIT Press},
	Title = {Introduction to Algorithms},
	Year = {2009}}

@article{reni_risk3,
	Author = {Gary Charness, Uri Gneezy, Alex Imas},
	Date-Added = {2015-10-27 10:09:15 +0000},
	Date-Modified = {2015-10-27 10:10:18 +0000},
	Journal = {Journal of Economic Behavior \& Organization},
	Title = {Experimental methods: Eliciting risk preferences},
	Year = {2013}}

@article{reni_risk2,
	Author = {Steffen Andersen and Glenn W. Harrison and Morten I. Lau and E. Elisabet Rutstrom},
	Date-Added = {2015-10-27 10:08:20 +0000},
	Date-Modified = {2016-01-30 19:54:22 +0000},
	Journal = {Econometrica},
	Title = {Eliciting Risk and Time Preferences},
	Year = {2008}}

@article{reni_risk1,
	Author = {James Andreoni and Charles Sprenger},
	Date-Added = {2015-10-27 10:07:10 +0000},
	Date-Modified = {2015-10-27 10:08:18 +0000},
	Journal = {American Economic Review},
	Title = {Risk Preferences Are Not Time Preferences},
	Year = {2012}}

@article{reni_allocation_deceased,
	Author = {Colin C. Geddes, R. Stuart C. Rodger, Christopher Smith and Anita Ganai},
	Date-Added = {2015-10-27 10:06:11 +0000},
	Date-Modified = {2015-10-27 10:07:00 +0000},
	Journal = {American Journal of Kidney Diseases},
	Title = {Allocation of Deceased Donor Kidneys for Transplantation: Opinions of Patients With CKD},
	Year = {2005}}

@article{reni_incorporating,
	Author = {Xuanming Su and Stefanos A. Zenios and Glenn M. Chertow},
	Date-Added = {2015-10-27 10:04:48 +0000},
	Date-Modified = {2015-10-27 19:22:28 +0000},
	Journal = {Journal of the American Society of Nephrology},
	Title = {Incorporating Recipient Choice in Kidney Transplantation},
	Year = {2004}}

@inproceedings{reni_fairness,
	Author = {John P. Dickerson and Ariel D. Procaccia and Tuomas Sandholm},
	Booktitle = {Proceedings of the 13th International Conference on Autonomous Agents and Multiagent Systems (AAMAS 2014)},
	Date-Added = {2015-10-27 10:02:49 +0000},
	Date-Modified = {2015-10-27 10:04:16 +0000},
	Title = {Price of Fairness in Kidney Exchange},
	Year = {2014}}

@article{reni_nicolo,
	Author = {Nicol{\`o}, Antonio and Rodr{\'\i}guez {\'A}lvarez, Carmelo},
	Date-Added = {2015-10-27 09:59:32 +0000},
	Date-Modified = {2015-10-27 10:02:46 +0000},
	Journal = {Journal of Economic Theory},
	Title = {Age-Based Preferences: Incorporating Compatible Pairs into Paired Kidney Exchange},
	Year = {2011}}

@article{reni_compatible_pairs,
	Author = {S. E. Gentry, D. L. Segeva, M. Simmerling and R. A. Montgomery},
	Date-Added = {2015-10-27 09:58:08 +0000},
	Date-Modified = {2015-10-27 09:59:14 +0000},
	Journal = {American Journal of Transplantation},
	Title = {Expanding Kidney Paired Donation Through Participation by Compatible Pairs},
	Year = {2007}}

@inproceedings{reni_cycles_chains_failure,
	Author = {John P. Dickerson and Ariel D. Procaccia and Tuomas Sandholm},
	Booktitle = {Proceedings of {ACM} Conference on Electronic Commerce, {EC} '13, Philadelphia, PA, USA,},
	Date-Added = {2015-10-27 09:56:33 +0000},
	Date-Modified = {2016-02-01 00:04:25 +0000},
	Title = {Failure-aware kidney exchange},
	Year = {2013}}

@inproceedings{reni_chain,
	Author = {Dickerson, John P. and Procaccia, Ariel D. and Sandholm, Tuomas},
	Booktitle = {Proceedings of AAMAS-12},
	Date-Added = {2015-10-26 17:08:35 +0000},
	Date-Modified = {2016-02-01 00:04:16 +0000},
	Title = {Optimizing kidney exchange with transplant chains: theory and reality.},
	Year = {2012}}

@inproceedings{reni_cicli,
	Author = {Abraham, David J. and Blum, Avrim and Sandholm, Tuomas},
	Booktitle = {Proceedings of the 8th ACM Conference on Electronic Commerce},
	Date-Added = {2015-10-26 16:35:45 +0000},
	Date-Modified = {2015-10-26 16:36:36 +0000},
	Title = {Clearing Algorithms for Barter Exchange Markets: Enabling Nationwide Kidney Exchanges},
	Year = {2007}}

@misc{problog,
	Date-Added = {2015-10-24 15:08:36 +0000},
	Date-Modified = {2015-10-27 15:53:35 +0000},
	Title = {ProbLog},
	Url = {https://dtai.cs.kuleuven.be/problog/},
	Bdsk-Url-1 = {https://dtai.cs.kuleuven.be/problog/}}

@inproceedings{probLogicProgramming,
	Author = {Daan Fierens and Guy Van den Broeck and Ingo Thon and Bernd Gutmann and Luc De Raedt},
	Booktitle = {{UAI} 2011, Proceedings of the Twenty-Seventh Conference on Uncertainty in Artificial Intelligence},
	Date-Added = {2015-10-24 15:03:37 +0000},
	Date-Modified = {2015-10-24 15:07:57 +0000},
	Title = {Inference in Probabilistic Logic Programs using Weighted CNF's},
	Year = {2011}}

@book{shafer1976mathematical,
	Author = {Shafer, Glenn},
	Date-Added = {2015-10-20 09:30:53 +0000},
	Date-Modified = {2015-10-20 09:32:45 +0000},
	Publisher = {Princeton University Press},
	Rating = {0},
	Title = {A Mathematical Theory of Evidence},
	Year = {1976}}

@article{ProbSoftLogic,
	Author = {Bach, Stephen H. and Broecheler, Matthias and Huang, Bert and Getoor, Lise},
	Title = {Hinge-Loss Markov Random Fields and Probabilistic Soft Logic},
	Volume = {arXiv:1505.04406 [cs.LG]},
	Year = {2015}}

@book{B5,
	Author = {S. Russell and P. Norvig},
	Date-Added = {2015-10-08 10:20:55 +0000},
	Date-Modified = {2015-10-08 10:22:43 +0000},
	Publisher = {Prentice Hall},
	Title = {Artificial Intelligence - A Modern Approach},
	Year = {1994}}

@inproceedings{Schiex92,
	Author = {T. Schiex},
	Booktitle = {Proceedings of UAI 1992},
	Date-Added = {2015-09-15 17:35:16 +0000},
	Date-Modified = {2015-09-15 17:35:16 +0000},
	Pages = {268--275},
	Title = {Possibilistic Constraint Satisfaction Problems or "How to Handle Soft Constraints?"},
	Year = {1992}}

@inproceedings{XiaCP10,
	Author = {L. Xia and V. Conitzer and A. D. Procaccia},
	Booktitle = {Proceedings of ACM Conference on Electronic Commerce},
	Date-Added = {2015-09-15 17:15:02 +0000},
	Date-Modified = {2016-02-01 00:05:39 +0000},
	Pages = {275-284},
	Title = {A scheduling approach to coalitional manipulation},
	Year = {2010}}

@article{May,
	Author = {K. May},
	Date-Added = {2015-09-15 17:15:02 +0000},
	Date-Modified = {2015-09-15 17:15:02 +0000},
	Journal = {Econometrica},
	Pages = {680-684},
	Title = {A set of independent, necessary and sufficient conditions for simple majority decision.},
	Volume = {20},
	Year = {1952}}

@inproceedings{LangMX12,
	Author = {J. Lang and J. Mengin and L. Xia},
	Booktitle = {Proceedings of CP 2012},
	Date-Added = {2015-09-15 17:15:02 +0000},
	Date-Modified = {2015-09-15 17:15:02 +0000},
	Noseries = {Lecture Notes in Computer Science},
	Novolume = {7514},
	Pages = {973-987},
	Title = {Aggregating Conditionally Lexicographic Preferences on Multi-issue Domains},
	Year = {2012}}

@inproceedings{umberto11,
	Author = {S. Airiau and U. Endriss and U. Grandi and D. Porello and J. Uckelman},
	Booktitle = {Proceedings of IJCAI 2011},
	Date-Added = {2015-09-15 17:15:02 +0000},
	Date-Modified = {2015-09-15 17:15:02 +0000},
	Pages = {18-23},
	Title = {Aggregating Dependency Graphs into Voting Agendas in Multi-Issue Elections},
	Year = {2011}}

@inproceedings{bsoft-aaai13,
	Author = {M. S. Pini and F. Rossi and K. B. Venable},
	Booktitle = {Proceedings of AAAI 2013},
	Date-Added = {2015-09-15 17:15:02 +0000},
	Date-Modified = {2015-09-15 17:15:02 +0000},
	Title = {Bribery in Voting With Soft Constraints},
	Year = {2013}}

@inproceedings{XiaZPCR09,
	Author = {L. Xia and M. Zuckerman and A. D. Procaccia and V. Conitzer and J. S. Rosenschein},
	Booktitle = {Proceedings of IJCAI 2009},
	Date-Added = {2015-09-15 17:15:02 +0000},
	Date-Modified = {2015-09-15 17:15:02 +0000},
	Pages = {348-353},
	Title = {Complexity of Unweighted Coalitional Manipulation under Some Common Voting Rules},
	Year = {2009}}

@incollection{prop-chapter,
	Author = {C. Bessiere},
	Booktitle = {Handbook of Constraint Programming},
	Date-Added = {2015-09-15 17:15:02 +0000},
	Date-Modified = {2015-09-15 17:15:02 +0000},
	Editor = {F. Rossi, P. Van Beek and T. Walsh},
	Publisher = {Elsevier},
	Title = {Constraint Propagation},
	Year = {2005}}

@inproceedings{fal2008,
	Author = {P. Faliszewski and E. Hemaspaandra and H. Schnoor},
	Booktitle = {Proceedings of AAMAS 2008},
	Date-Added = {2015-09-15 17:15:02 +0000},
	Date-Modified = {2015-09-15 17:15:02 +0000},
	Nopublisher = {IFAAMAS},
	Pages = {983-990},
	Title = {Copeland voting: {T}ies matter},
	Year = {2008}}

@article{XiaC11,
	Author = {L. Xia and V. Conitzer},
	Date-Added = {2015-09-15 17:15:02 +0000},
	Date-Modified = {2015-09-15 17:15:02 +0000},
	Journal = {J. Artif. Intell. Res. (JAIR)},
	Pages = {25-67},
	Title = {Determining Possible and Necessary Winners Given Partial Orders},
	Volume = {41},
	Year = {2011}}

@inproceedings{next,
	Author = {R. I. Brafman and F. Rossi and D. Salvagnin and K. B. Venable and T. Walsh},
	Booktitle = {Proceedings of KR 2010},
	Date-Added = {2015-09-15 17:15:02 +0000},
	Date-Modified = {2015-09-15 17:15:02 +0000},
	Title = {Finding the Next Solution in Constraint- and Preference-Based Knowledge Representation Formalisms},
	Year = {2010}}

@inproceedings{BacchusG95,
	Author = {F. Bacchus and A.J. Grove},
	Booktitle = {Proceedings of UAI 1995},
	Date-Added = {2015-09-15 17:15:02 +0000},
	Date-Modified = {2015-09-15 17:15:02 +0000},
	Nopublisher = {Morgan Kaufmann},
	Pages = {3-10},
	Title = {Graphical models for preference and utility},
	Year = {1995}}

@book{voting-handbook,
	Author = {K. J. Arrow and A. K. Sen and K. Suzumura},
	Date-Added = {2015-09-15 17:15:02 +0000},
	Date-Modified = {2015-09-15 17:15:02 +0000},
	Publisher = {North-Holland},
	Title = {Handbook of Social Choice and Welfare.},
	Year = {2002}}

@article{FaliszewskiHH09,
	Author = {P. Faliszewski and E. Hemaspaandra and L. A. Hemaspaandra},
	Date-Added = {2015-09-15 17:15:02 +0000},
	Date-Modified = {2015-09-15 17:15:02 +0000},
	Journal = {JAIR},
	Pages = {485-532},
	Title = {How Hard Is Bribery in Elections?},
	Volume = {35},
	Year = {2009}}

@inproceedings{ijcai07-toby,
	Author = {M. S. Pini and F. Rossi and K. B. Venable and T. Walsh},
	Booktitle = {Proceedings of IJCAI 2007},
	Date-Added = {2015-09-15 17:15:02 +0000},
	Date-Modified = {2015-09-15 17:15:02 +0000},
	Noaddress = {Hyderabad, India},
	Pages = {1464-1469},
	Publisher = {AAAI Press},
	Title = {Incompleteness and Incomparability in Preference Aggregation.},
	Year = {2007}}

@article{jinc,
	Author = {M. S. Pini and F. Rossi and K. B. Venable and T. Walsh},
	Date-Added = {2015-09-15 17:15:02 +0000},
	Date-Modified = {2015-09-15 17:15:02 +0000},
	Journal = {Artif. Intell.},
	Number = {7-8},
	Pages = {1272-1289},
	Title = {Incompleteness and incomparability in preference aggregation: Complexity results},
	Volume = {175},
	Year = {2011}}

@inproceedings{influ-aamas12,
	Author = {N. Maudet and M. S. Pini and K. B. Venable and F. Rossi},
	Booktitle = {Proceedings of AAMAS 2012},
	Date-Added = {2015-09-15 17:15:02 +0000},
	Date-Modified = {2015-09-15 17:15:02 +0000},
	Pages = {1313-1314},
	Title = {Influence and aggregation of preferences over combinatorial domains},
	Year = {2012}}

@inproceedings{fargier,
	Author = {H. Fargier and J. Lang and J. Mengin and N. Schmidt},
	Booktitle = {Proceedings of MPREF 2012},
	Date-Added = {2015-09-15 17:15:02 +0000},
	Date-Modified = {2015-09-15 17:15:02 +0000},
	Title = {Issue-by-issue voting: an experimental evaluation},
	Year = {2012}}

@inproceedings{maxmin,
	Author = {K. Purrington and E. H. Durfee},
	Booktitle = {Proceedings of AAMAS 2007},
	Date-Added = {2015-09-15 17:15:02 +0000},
	Date-Modified = {2015-09-15 17:15:02 +0000},
	Nopublisher = {IFAAMAS},
	Pages = {1122-1124},
	Title = {Making social choices from individuals' {CP}-nets},
	Year = {2007}}

@inproceedings{fal10,
	Author = {P. Faliszewski and E. Hemaspaandra and H. Schnoor},
	Booktitle = {Proceedings of AAMAS 2010},
	Date-Added = {2015-09-15 17:15:02 +0000},
	Date-Modified = {2015-09-15 17:15:02 +0000},
	Pages = {367-374},
	Title = {Manipulation of copeland elections},
	Year = {2010}}

@inproceedings{drv-icaart,
	Author = {G. Dalla~Pozza and F. Rossi and B. Venable},
	Booktitle = {Proceedings of ICAART 2011},
	Date-Added = {2015-09-15 17:15:02 +0000},
	Date-Modified = {2015-09-15 17:15:02 +0000},
	Pages = {277-282},
	Title = {Multi-agent soft constraint aggregation: a sequential approach},
	Year = {2011}}

@inproceedings{ijcai11,
	Author = {G. Dalla Pozza and M. S. Pini and F. Rossi and K. B. Venable},
	Booktitle = {Proceedings of IJCAI 2011},
	Date-Added = {2015-09-15 17:15:02 +0000},
	Date-Modified = {2015-09-15 17:15:02 +0000},
	Pages = {172-177},
	Title = {Multi-Agent Soft Constraint Aggregation via Sequential Voting},
	Year = {2011}}

@inproceedings{approx,
	Author = {V. Conitzer and L. Xia},
	Booktitle = {Proceedings of KR 2012},
	Date-Added = {2015-09-15 17:15:02 +0000},
	Date-Modified = {2015-09-15 17:15:02 +0000},
	Title = {Paradoxes of Multiple Elections: An Approximation Approach},
	Year = {2012}}

@inproceedings{perny08,
	Author = {C. Gonzales and P. Perny and S. Queiroz},
	Booktitle = {Proceedings of AAAI 2008},
	Date-Added = {2015-09-15 17:15:02 +0000},
	Date-Modified = {2015-09-15 17:15:02 +0000},
	Nopublisher = {AAAI Press},
	Pages = {1037-1042},
	Title = {Preference Aggregation with Graphical Utility Models},
	Year = {2008}}

@inproceedings{preflib,
	Author = {Nicholas Mattei and Toby Walsh},
	Booktitle = {Proceedings of ADT 2013},
	Date-Added = {2015-09-15 17:15:02 +0000},
	Date-Modified = {2015-09-15 17:15:02 +0000},
	Ee = {http://preflib.org},
	Noseries = {LNAI},
	Publisher = {Springer},
	Title = {PrefLib: A Library of Preference Data},
	Year = {2013}}

@inproceedings{bsoft-aamas13,
	Author = {M. S. Pini and F. Rossi and K. B. Venable},
	Booktitle = {Proceedings of AAMAS 2013},
	Date-Added = {2015-09-15 17:15:02 +0000},
	Date-Modified = {2015-09-15 17:15:02 +0000},
	Pages = {1301-1302},
	Title = {Resistance to bribery when aggregating soft constraints},
	Year = {2013}}

@inproceedings{auction,
	Author = {C. Boutilier and M. Goldszmidt and B. Sabata},
	Booktitle = {Proceedings of IJCAI 1999},
	Date-Added = {2015-09-15 17:15:02 +0000},
	Date-Modified = {2015-09-15 17:15:02 +0000},
	Title = {Sequential Auctions for the Allocation of Resources with Complementarities},
	Year = {1999}}

@book{taylor,
	Author = {A.D. Taylor},
	Date-Added = {2015-09-15 17:15:02 +0000},
	Date-Modified = {2015-09-15 17:15:02 +0000},
	Publisher = {Cambridge University Press},
	Title = {Social Choice and the Mathematics of Manipulation},
	Year = {2005}}

@incollection{soft-chapter,
	Author = {P. Meseguer and F. Rossi and T. Schiex},
	Booktitle = {Handbook of Constraint Programming},
	Date-Added = {2015-09-15 17:15:02 +0000},
	Date-Modified = {2015-09-15 17:15:02 +0000},
	Editor = {F. Rossi, P. Van Beek and T. Walsh},
	Publisher = {Elsevier},
	Title = {Soft constraints},
	Year = {2005}}

@inproceedings{wine,
	Author = {L. Xia and V. Conitzer},
	Booktitle = {Proceedings of WINE 2010},
	Date-Added = {2015-09-15 17:15:02 +0000},
	Date-Modified = {2015-09-15 17:15:02 +0000},
	Noseries = {Lecture Notes in Computer Science},
	Novolume = {6484},
	Pages = {402-414},
	Title = {Strategy-Proof Voting Rules over Multi-issue Domains with Restricted Preferences},
	Year = {2010}}

@inproceedings{configuration,
	Author = {S. Mittal and F. Frayman},
	Booktitle = {Proceedings of IJCAI 1989},
	Date-Added = {2015-09-15 17:15:02 +0000},
	Date-Modified = {2015-09-15 17:15:02 +0000},
	Title = {Toward a generic model of configuration tasks},
	Year = {1989}}

@incollection{rina-chapter,
	Author = {R. Dechter},
	Booktitle = {Handbook of Constraint Programming},
	Date-Added = {2015-09-15 17:15:02 +0000},
	Date-Modified = {2015-09-15 17:15:02 +0000},
	Editor = {F. Rossi, P. Van Beek and T. Walsh},
	Publisher = {Elsevier},
	Title = {Tractable Structures for {CSPs}},
	Year = {2005}}

@article{csljacm07,
	Author = {V. Conitzer and T. Sandholm and J. Lang},
	Date-Added = {2015-09-15 17:15:02 +0000},
	Date-Modified = {2015-09-15 17:15:02 +0000},
	Journal = {JACM},
	Number = {3},
	Pages = {1-33},
	Title = {When are elections with few candidates hard to manipulate},
	Volume = {54},
	Year = {2007}}

@article{jseq,
	Author = {J. Lang and M. S. Pini and F. Rossi and D. Salvagnin and K. B. Venable and T. Walsh},
	Date-Added = {2015-09-15 17:15:02 +0000},
	Date-Modified = {2015-09-15 17:15:02 +0000},
	Journal = {Autonomous Agents and Multi-Agent Systems},
	Number = {1},
	Pages = {130-157},
	Title = {Winner determination in voting trees with incomplete preferences and weighted votes},
	Volume = {25},
	Year = {2012}}

@article{B1,
	Author = {Nic Wilson},
	Date-Added = {2015-06-11 14:51:08 +0000},
	Date-Modified = {2015-06-11 14:51:08 +0000},
	Doi = {http://dx.doi.org/10.1016/j.artint.2010.11.018},
	Issn = {0004-3702},
	Journal = {Artificial Intelligence},
	Note = {Representing, Processing, and Learning Preferences: Theoretical and Practical Challenges},
	Number = {7‚{\"A}{\`\i}8},
	Pages = {1053 - 1091},
	Title = {Computational techniques for a simple theory of conditional preferences},
	Url = {http://www.sciencedirect.com/science/article/pii/S0004370210002079},
	Volume = {175},
	Year = {2011},
	Bdsk-Url-1 = {http://www.sciencedirect.com/science/article/pii/S0004370210002079},
	Bdsk-Url-2 = {http://dx.doi.org/10.1016/j.artint.2010.11.018}}

@inproceedings{B2,
	Author = {S. Moral, N. Wilson},
	Booktitle = {Proceedings of the Twelfth National Conference on Artificial Intelligence},
	Date-Added = {2015-06-11 14:51:08 +0000},
	Date-Modified = {2015-06-11 14:51:08 +0000},
	Title = {Markov Chain Monte-Carlo Algorithms for the Calculation of Dempster-Shafer Belief},
	Year = {1994}}

@article{d1999inference,
	Author = {D'Ambrosio, B.},
	Date-Added = {2015-06-11 13:57:13 +0000},
	Date-Modified = {2015-06-11 13:57:13 +0000},
	Journal = {AI Magazine},
	Number = {2},
	Pages = {21},
	Title = {Inference in Bayesian Networks},
	Volume = {20},
	Year = {1999}}

@inproceedings{tomallen,
	Author = {Allen,T.E. and Goldsmith,J. and Mattei,N.},
	Booktitle = {Proc. of the 8th Multidisciplinary Workshop on Advances in Preference Handling (MPREF)},
	Date-Added = {2015-06-11 13:57:13 +0000},
	Date-Modified = {2015-06-11 13:57:13 +0000},
	Title = {Counting, Ranking, and Randomly Generating {CP}-nets},
	Year = {2014}}

@book{RossiEtAl2011,
	Author = {Rossi,F. and Venable, K.B. and Walsh,T.},
	Booktitle = {A Short Introduction to Preferences},
	Date-Added = {2015-06-11 13:57:13 +0000},
	Date-Modified = {2015-06-11 13:57:13 +0000},
	Publisher = {Morgan {\&} Claypool Publishers},
	Title = {A Short Introduction to Preferences: Between Artificial Intelligence and Social Choice},
	Year = {2011}}

@article{BrafmanDomshlak,
	Author = {Brafman,R.I. and Domshlak,C.},
	Date-Added = {2015-06-11 13:57:13 +0000},
	Date-Modified = {2015-06-11 13:57:13 +0000},
	Journal = {AI Magazine},
	Number = {1},
	Pages = {58},
	Title = {Preference handling-an introductory tutorial},
	Volume = {30},
	Year = {2009}}

@inproceedings{domshlak2002cp,
	Author = {Domshlak, C. and Brafman, R.I.},
	Booktitle = {Proc. 8th International Conference on Principles of Knowledge Representation and Reasoning (KR)},
	Date-Added = {2015-06-11 13:57:13 +0000},
	Date-Modified = {2015-06-11 13:57:13 +0000},
	Title = {{CP}-nets: {R}easoning and consistency testing},
	Year = {2002}}

@article{brafman2004extended,
	Author = {Brafman, R.I. and Dimopoulos, Y.},
	Date-Added = {2015-06-11 13:57:13 +0000},
	Date-Modified = {2015-06-11 13:57:13 +0000},
	Journal = {Computational Intelligence},
	Number = {2},
	Pages = {218--245},
	Title = {Extended Semantics and Optimization Algorithms for {CP}-Networks},
	Volume = {20},
	Year = {2004}}

@inproceedings{domshlak03reasoning,
	Author = {Domshlak, C. and Rossi, F. and Venable, K.B. and Walsh, T.},
	Booktitle = {Proc. of the 18th International Joint Conference on Artificial Intelligence (IJCAI)},
	Date-Added = {2015-06-11 13:57:13 +0000},
	Date-Modified = {2015-06-11 13:57:13 +0000},
	Title = {Reasoning about soft constraints and conditional preferences: complexity results and approximation techniques},
	Year = {2003}}

@article{lang2009sequential,
	Author = {Lang, J. and Xia, L.},
	Date-Added = {2015-06-11 13:57:13 +0000},
	Date-Modified = {2015-06-11 13:57:13 +0000},
	Journal = {Mathematical Social Sciences},
	Number = {3},
	Pages = {304--324},
	Title = {Sequential composition of voting rules in multi-issue domains},
	Volume = {57},
	Year = {2009}}

@inproceedings{lang2007winner,
	Author = {Lang, J. and Pini, M.S. and Rossi, F. and Venable, K.B. and Walsh, T.},
	Booktitle = {Proc. of the 20th International Joint Conference on Artificial Intelligence (IJCAI)},
	Date-Added = {2015-06-11 13:57:13 +0000},
	Date-Modified = {2015-06-11 13:57:13 +0000},
	Title = {Winner determination in sequential majority voting},
	Year = {2007}}

@article{goldsmith2009preference,
	Author = {Goldsmith, J. and Junker, U.},
	Date-Added = {2015-06-11 13:57:13 +0000},
	Date-Modified = {2015-06-11 13:57:13 +0000},
	Journal = {AI Magazine},
	Number = {4},
	Title = {Preference handling for artificial intelligence},
	Volume = {29},
	Year = {2009}}

@book{pearl1988probabilistic,
	Author = {Pearl, J.},
	Date-Added = {2015-06-11 13:57:13 +0000},
	Date-Modified = {2015-06-11 13:57:13 +0000},
	Publisher = {Morgan Kaufmann},
	Title = {Probabilistic Reasoning in Intelligent Systems: Networks of Plausible Inference},
	Year = {1988}}

@book{furnkranz2010preference,
	Author = {F{\"u}rnkranz, J. and H{\"u}llermeier, E.},
	Date-Added = {2015-06-11 13:57:13 +0000},
	Date-Modified = {2015-06-11 13:57:13 +0000},
	Publisher = {Springer},
	Title = {Preference Learning: An Introduction},
	Year = {2010}}

@book{roth1995handbook,
	Author = {Roth, A.E. and Kagel, J.H.},
	Date-Added = {2015-06-11 13:57:13 +0000},
	Date-Modified = {2015-06-11 13:57:13 +0000},
	Publisher = {Princeton University Press Princeton},
	Title = {The handbook of experimental economics},
	Volume = {1},
	Year = {1995}}

@article{regenwetter2011transitivity,
	Author = {Regenwetter, M. and Dana, J. and Davis-Stober, C.P.},
	Date-Added = {2015-06-11 13:57:13 +0000},
	Date-Modified = {2015-06-11 13:57:13 +0000},
	Journal = {Psychological Review},
	Number = {1},
	Title = {Transitivity of preferences.},
	Volume = {118},
	Year = {2011}}

@inproceedings{Likelihood,
	Author = {Xia, L. and Conitzer, V. and Lang, J.},
	Booktitle = {Proc. of the 9th International Conference on Autonomous Agents and Multiagent Systems (AAMAS)},
	Date-Added = {2015-06-11 13:57:13 +0000},
	Date-Modified = {2015-06-11 13:57:13 +0000},
	Title = {Aggregating Preferences in Multi-Issue Domains by Using Maximum Likelihood Estimators},
	Year = {2010}}

@inproceedings{EfficientProcedure,
	Author = {Li,M. and Vo,Q.B. and Kowalczyk, R.},
	Booktitle = {Proc. of the 19th European Conference on Artificial Intelligence (ECAI)},
	Date-Added = {2015-06-11 13:57:13 +0000},
	Date-Modified = {2015-06-11 13:57:13 +0000},
	Title = {An Efficient Procedure for Collective Decision-making with {CP}-nets},
	Year = {2010}}

@inproceedings{Hypercubewise,
	Author = {Xia, L. and Conitzer, V. and Lang, J.},
	Booktitle = {Proc. of the 22nd International Joint Conference on Artificial Intelligence (IJCAI)},
	Date-Added = {2015-06-11 13:57:13 +0000},
	Date-Modified = {2015-06-11 13:57:13 +0000},
	Title = {Hypercubewise Preference Aggregation in Multi-issue Domains},
	Year = {2011}}

@inproceedings{Majority-rule-based,
	Author = {Li,M. and Vo,Q.B. and Kowalczyk, R.},
	Booktitle = {Proc. of the 10th International Conference on Autonomous Agents and Multiagent Systems (AAMAS)},
	Date-Added = {2015-06-11 13:57:13 +0000},
	Date-Modified = {2015-06-11 13:57:13 +0000},
	Title = {Majority-rule-based preference aggregation on multi-attribute domains with {CP}-nets},
	Year = {2011}}

@inproceedings{nostro,
	Author = {Cornelio,C. and Goldsmith, J. and Mattei,N. and Rossi,F. and Venable, K.B.},
	Booktitle = {Proc. of the 26th Australasian Joint Conference on Artificial Intelligence (AUSAI)},
	Date-Added = {2015-06-11 13:57:13 +0000},
	Date-Modified = {2015-06-11 13:57:13 +0000},
	Title = {Updates and Uncertainty in {CP}-nets},
	Year = {2013}}

@inproceedings{pcp-comsoc,
	Author = {Cornelio,C. and Grandi, U. and Goldsmith, J. and Mattei,N. and Rossi,F. and Venable, K.B.},
	Booktitle = {Proc. of the 5th International Workshop on Computational Social Choice (COMSOC)},
	Date-Added = {2015-06-11 13:57:13 +0000},
	Date-Modified = {2015-06-11 13:57:13 +0000},
	Title = {Voting with {CP}-nets using a Probabilistic Preference Structure},
	Year = {2014}}

@inproceedings{francesi,
	Author = {D. Bigot and H. Fargier and J. Mengin and B. Zanuttini},
	Booktitle = {Proc. of the 29th International Conference on Uncertainty in Artificial Intelligence (UAI)},
	Date-Added = {2015-06-11 13:57:13 +0000},
	Date-Modified = {2016-01-30 19:54:35 +0000},
	Title = {Probabilistic Conditional Preference Networks},
	Year = {2013}}

@book{Moulin1991axioms,
	Author = {Moulin, H.},
	Date-Added = {2015-06-11 13:57:13 +0000},
	Date-Modified = {2015-06-11 13:57:13 +0000},
	Publisher = {Cambridge University Press},
	Title = {Axioms of Cooperative Decision Making},
	Year = {1991}}

@article{bistarelli1997semiring,
	Author = {Bistarelli, S. and Montanari, U. and Rossi, F.},
	Date-Added = {2015-06-11 13:57:13 +0000},
	Date-Modified = {2015-06-11 13:57:13 +0000},
	Journal = {Journal of the ACM (JACM)},
	Title = {Semiring-based constraint satisfaction and optimization},
	Year = {1997}}

@inproceedings{gonzales2004gai,
	Author = {Gonzales, C. and Perny, P.},
	Booktitle = {Proc. of the 10th International Conference on Principles of Knowledge Representation and Reasoning (KR)},
	Date-Added = {2015-06-11 13:57:13 +0000},
	Date-Modified = {2015-06-11 13:57:13 +0000},
	Title = {{GAI} Networks for Utility Elicitation.},
	Year = {2004}}

@inproceedings{xia2008voting,
	Author = {L. Xia and V. Conitzer and J. Lang},
	Booktitle = {Proc. of the 23rd AAAI Conference on Artificial Intelligence (AAAI)},
	Date-Added = {2015-06-11 13:57:13 +0000},
	Date-Modified = {2015-06-11 13:57:13 +0000},
	Title = {Voting on Multiattribute Domains with Cyclic Preferential Dependencies.},
	Year = {2008}}

@article{mattei2013bribery,
	Author = {N. Mattei and M.S. Pini and F. Rossi and K.B. Venable},
	Date-Added = {2015-06-11 13:57:13 +0000},
	Date-Modified = {2015-06-11 13:57:13 +0000},
	Journal = {Annals of Mathematics and Artificial Intelligence},
	Number = {1-3},
	Pages = {135--160},
	Title = {Bribery in voting with {CP}-nets},
	Volume = {68},
	Year = {2013}}

@inproceedings{mattei2012bribery,
	Author = {N. Mattei and M. S. Pini and F. Rossi and K. B. Venable},
	Booktitle = {Proc. 11th International Conference on Autonomous Agents and Multiagent Systems (AAMAS)},
	Date-Added = {2015-06-11 13:57:13 +0000},
	Date-Modified = {2015-06-11 13:57:13 +0000},
	Title = {Bribery in Voting Over Combinatorial Domains Is Easy},
	Year = {2012}}

@inproceedings{santhanam2010dominance,
	Author = {G. R. Santhanam and S. Basu and V. Honavar},
	Booktitle = {Proc. of the 24th AAAI Conference on Artificial Intelligence (AAAI)},
	Date-Added = {2015-06-11 13:57:13 +0000},
	Date-Modified = {2015-06-11 13:57:13 +0000},
	Title = {Dominance Testing via Model Checking.},
	Year = {2010}}

@article{hard+soft+cpnets,
	Author = {Domshlak, C. and Prestwich, S. and Rossi, F. and Venable, K. and Walsh, T.},
	Date-Added = {2015-06-11 13:54:31 +0000},
	Date-Modified = {2015-06-11 13:54:31 +0000},
	Journal = {J. Heuristics},
	Number = {4-5},
	Pages = {263--285},
	Title = {Hard and soft constraints for reasoning about qualitative conditional preferences},
	Volume = {12},
	Year = {2006}}

@inproceedings{vardi,
	Author = {Vardi, M.},
	Booktitle = {Proceedings of the Fourteenth Annual ACM Symposium on Theory of Computing},
	Date-Added = {2015-06-11 13:54:31 +0000},
	Date-Modified = {2015-06-11 13:54:31 +0000},
	Pages = {137--146},
	Title = {The complexity of relational query languages (extended abstract},
	Year = {1982}}

@inproceedings{wilson09,
	Author = {Wilson, N.},
	Booktitle = {Proceedings of IJCAI-09},
	Date-Added = {2015-06-11 13:54:31 +0000},
	Date-Modified = {2015-06-11 13:54:31 +0000},
	Title = {Efficient {I}nference for {E}xpressive {C}omparative {P}reference {L}anguages},
	Year = {2009}}

@article{cp+constraints,
	Author = {Boutilier, C. and Brafman, I. and Domshlak, C. and Hoos, H. and Poole, D},
	Date-Added = {2015-06-11 13:54:31 +0000},
	Date-Modified = {2015-06-11 13:54:31 +0000},
	Journal = {Computational Intelligence},
	Number = {2},
	Pages = {137--157},
	Title = {Preference-Based {C}onstrained {O}ptimization with {CP}-Nets},
	Volume = {20},
	Year = {2004}}

@inproceedings{tcp-nets,
	Author = {Brafman, R. and Domshlak, C.},
	Booktitle = {Proceedings of {UAI} '02},
	Date-Added = {2015-06-11 13:54:31 +0000},
	Date-Modified = {2016-02-01 00:05:13 +0000},
	Pages = {69--76},
	Title = {Introducing Variable Importance Tradeoffs into CP-Nets},
	Year = {2002}}

@inproceedings{cond-cpnets,
	Author = {Bouveret, Sylvain and Endriss, Ulle and Lang, J{\'e}r\^{o}me},
	Booktitle = {Proceedings of the 21st International Jont Conference on Artifical Intelligence},
	Date-Added = {2015-06-11 13:54:31 +0000},
	Date-Modified = {2015-06-11 13:54:31 +0000},
	Pages = {67--72},
	Series = {IJCAI'09},
	Title = {Conditional Importance Networks: A Graphical Language for Representing Ordinal, Monotonic Preferences over Sets of Goods},
	Year = {2009}}

@inproceedings{ucp-nets,
	Author = {Craig Boutilier and Fahiem Bacchus and Ronen I. Brafman},
	Booktitle = {{UAI} '01: Proceedings of the 17th Conference in Uncertainty in Artificial Intelligence, University of Washington, Seattle, Washington, USA, August 2-5, 2001},
	Date-Added = {2015-06-11 13:54:31 +0000},
	Date-Modified = {2015-06-11 13:54:31 +0000},
	Pages = {56--64},
	Title = {UCP-Networks: {A} Directed Graphical Representation of Conditional Utilities},
	Year = {2001}}

@book{CLP,
	Author = {Kim Marriott, Peter Stuckey},
	Date-Added = {2015-06-11 13:54:31 +0000},
	Date-Modified = {2015-06-11 13:54:31 +0000},
	Publisher = {MIT Press},
	Title = {Programming with constraints},
	Year = {1998}}

@book{CCP,
	Author = {Vijay A. Saraswat},
	Date-Added = {2015-06-11 13:54:31 +0000},
	Date-Modified = {2015-06-11 13:54:31 +0000},
	Publisher = {MIT Press},
	Title = {Concurrent constraint programming},
	Year = {1993}}

@book{cp-handbook,
	Address = {New York, NY, USA},
	Author = {Rossi, Francesca and Beek, Peter van and Walsh, Toby},
	Date-Added = {2015-06-11 13:54:31 +0000},
	Date-Modified = {2015-06-11 13:54:31 +0000},
	Isbn = {0444527265},
	Publisher = {Elsevier Science Inc.},
	Title = {Handbook of Constraint Programming (Foundations of Artificial Intelligence)},
	Year = {2006}}

@book{lloyd-foundations,
	Address = {New York, NY, USA},
	Author = {Lloyd, J. W.},
	Date-Added = {2015-06-11 13:54:31 +0000},
	Date-Modified = {2015-06-11 13:54:31 +0000},
	Isbn = {3-540-18199-7},
	Publisher = {Springer-Verlag New York, Inc.},
	Title = {Foundations of Logic Programming; (2Nd Extended Ed.)},
	Year = {1987}}

@article{ChevaleyreEtAl,
	Author = {Chevaleyre,Y. and Endriss,U. and Lang,J. and Maudet,N.},
	Date-Added = {2015-06-11 13:54:31 +0000},
	Date-Modified = {2015-06-11 13:54:31 +0000},
	Journal = {AI Magazine},
	Number = {4},
	Pages = {37},
	Title = {Preference handling in combinatorial domains: From AI to social choice},
	Volume = {29},
	Year = {2008}}

@article{dechter1999bucket,
	Author = {Dechter, R.},
	Date-Added = {2015-06-11 13:54:31 +0000},
	Date-Modified = {2015-06-11 13:54:31 +0000},
	Journal = {Artificial Intelligence},
	Number = {1-2},
	Pages = {41--85},
	Title = {Bucket elimination: A unifying framework for reasoning},
	Volume = {113},
	Year = {1999}}

@article{boutilier2004cp,
	Author = {Boutilier, C. and Brafman, R.I. and Domshlak, C. and Hoos, H.H. and Poole, D.},
	Date-Added = {2015-06-11 13:54:31 +0000},
	Date-Modified = {2015-06-11 13:54:31 +0000},
	Journal = {Journal of Artificial Intelligence Research},
	Pages = {135--191},
	Title = {{CP}-nets: {A} tool for representing and reasoning with conditional ceteris paribus preference statements},
	Volume = {21},
	Year = {2004}}

@book{dechter2003constraint,
	Author = {Dechter, R.},
	Date-Added = {2015-06-11 13:54:31 +0000},
	Date-Modified = {2015-06-11 13:54:31 +0000},
	Publisher = {Morgan Kaufmann},
	Title = {Constraint Processing},
	Year = {2003}}

@inproceedings{rossi2004mcp,
	Author = {Rossi, F. and Venable, K.B. and Walsh, T.},
	Booktitle = {Proc. of the 19th AAAI Conference on Artificial Intelligence (AAAI)},
	Date-Added = {2015-06-11 13:54:31 +0000},
	Date-Modified = {2015-06-11 13:54:31 +0000},
	Title = {{mCP} nets: representing and reasoning with preferences of multiple agents},
	Year = {2004}}

@article{goldsmith2008computational,
	Author = {Goldsmith, J. and Lang, J. and Truszczynski, M. and Wilson, N.},
	Date-Added = {2015-06-11 13:54:31 +0000},
	Date-Modified = {2015-06-11 13:54:31 +0000},
	Journal = {Journal of Artificial Intelligence Research},
	Number = {1},
	Pages = {403--432},
	Title = {The {C}omputational {C}omplexity of {D}ominance and {C}onsistency in {CP}-nets},
	Volume = {33},
	Year = {2008}}

@book{marden1995analyzing,
	Author = {Marden, John I},
	Date-Added = {2015-06-11 13:54:31 +0000},
	Date-Modified = {2015-06-11 13:54:31 +0000},
	Publisher = {CRC Press},
	Title = {Analyzing and Modeling Rank Data},
	Year = {1995}}

@article{faltings2004solution,
	Author = {Faltings, Boi and Torrens, Marc and Pu, Pearl},
	Date-Added = {2015-06-11 13:54:31 +0000},
	Date-Modified = {2015-06-11 13:54:31 +0000},
	Journal = {Computational Intelligence},
	Number = {2},
	Pages = {246--263},
	Publisher = {Wiley Online Library},
	Title = {Solution generation with qualitative models of preferences},
	Volume = {20},
	Year = {2004}}

@inproceedings{price2005optimal,
	Author = {Price, Robert and Messinger, Paul R},
	Booktitle = {Proc. 20th AAAI Conference on Artificial Intelligence},
	Date-Added = {2015-06-11 13:54:31 +0000},
	Date-Modified = {2015-06-11 13:54:31 +0000},
	Pages = {541--548},
	Title = {Optimal recommendation sets: Covering uncertainty over user preferences},
	Year = {2005}}

@inproceedings{boutilier2002pomdp,
	Author = {Boutilier, Craig},
	Booktitle = {Proc. 18th AAAI Conference on Artificial Intelligence},
	Date-Added = {2015-06-11 13:54:31 +0000},
	Date-Modified = {2015-06-11 13:54:31 +0000},
	Pages = {239--246},
	Title = {A {POMDP} formulation of preference elicitation problems},
	Year = {2002}}

@article{tandk:uncertainty,
	Author = {A. Tversky and D. Kahneman},
	Date-Added = {2015-06-11 13:54:31 +0000},
	Date-Modified = {2015-06-11 13:54:31 +0000},
	Journal = {Science},
	Pages = {1124-1131},
	Title = {Judgement Under Uncertainty: Heuristics and Biases},
	Volume = {185},
	Year = {1974}}

@inproceedings{Wilson04extendingcp-nets,
	Author = {Wilson, N.},
	Booktitle = {Proceedings of AAAI-04},
	Date-Added = {2015-06-11 13:54:31 +0000},
	Date-Modified = {2015-06-11 13:54:31 +0000},
	Pages = {735--741},
	Title = {Extending {CP}-{N}ets with {S}tronger {C}onditional {P}reference {S}tatements},
	Year = {2004}}

@inproceedings{MaranInfluencedCPNets,
	Author = {A.~Maran and N.~Maudet and Pini, M. S. and Rossi, F. and Venable, K. B.},
	Booktitle = {Proceedings of AAAI-27},
	Date-Added = {2015-06-11 13:54:31 +0000},
	Date-Modified = {2015-06-11 13:54:31 +0000},
	Pages = {668--674},
	Title = {A {F}ramework for {A}ggregating {I}nfluenced {CP}-Nets and {I}ts {R}esistance to {B}ribery},
	Year = {2013}}

@inproceedings{bienvenu2010preference,
	Author = {Bienvenu, Meghyn and Lang, J{\'e}r{\^o}me and Wilson, Nic},
	Booktitle = {Proceedings of Twelfth International Conference on Principles of Knowledge Representation and Reasoning (KR 2010)},
	Date-Added = {2015-06-11 13:54:31 +0000},
	Date-Modified = {2015-06-11 13:54:31 +0000},
	Title = {From {P}reference {L}ogics to {P}reference {L}anguages, and {B}ack},
	Year = {2010}}

@inproceedings{Prestwich04constrainedcpnets,
	Author = {Prestwich, S. and Rossi, F. and Venable, K. B. and Walsh, T.},
	Booktitle = {Proceedings of CSCLP‚{\"A}{\^o}04},
	Date-Added = {2015-06-11 13:54:31 +0000},
	Date-Modified = {2016-02-01 00:04:01 +0000},
	Title = {Constrained {CP}-nets},
	Year = {2004}}

@incollection{minimal-models,
	Author = {Bry, Fran√{\ss}ois and Yahya, Adnan},
	Booktitle = {Theorem Proving with Analytic Tableaux and Related Methods},
	Date-Added = {2015-06-11 13:54:31 +0000},
	Date-Modified = {2015-06-11 13:54:31 +0000},
	Doi = {10.1007/3-540-61208-4_10},
	Editor = {Miglioli, P. and Moscato, U. and Mundici, D. and Ornaghi, M.},
	Isbn = {978-3-540-61208-7},
	Language = {English},
	Pages = {143-159},
	Publisher = {Springer Berlin Heidelberg},
	Series = {Lecture Notes in Computer Science},
	Title = {Minimal model generation with positive unit hyper-resolution tableaux},
	Url = {http://dx.doi.org/10.1007/3-540-61208-4_10},
	Volume = {1071},
	Year = {1996},
	Bdsk-Url-1 = {http://dx.doi.org/10.1007/3-540-61208-4_10}}

@article{datalog,
	Address = {Los Alamitos, CA, USA},
	Author = {S. Ceri and G. Gottlob and L. Tanca},
	Date-Added = {2015-06-11 13:54:31 +0000},
	Date-Modified = {2015-06-11 13:54:31 +0000},
	Doi = {http://doi.ieeecomputersociety.org/10.1109/69.43410},
	Issn = {1041-4347},
	Journal = {IEEE Transactions on Knowledge and Data Engineering},
	Number = {1},
	Pages = {146-166},
	Publisher = {IEEE Computer Society},
	Title = {What You Always Wanted to Know About {D}atalog (And Never Dared to Ask)},
	Volume = {1},
	Year = {1989},
	Bdsk-Url-1 = {http://doi.ieeecomputersociety.org/10.1109/69.43410}}

@incollection{answerSubsumption,
	Author = {Swift, T. and Warren, D. S.},
	Booktitle = {Logics in Artificial Intelligence},
	Date-Added = {2015-06-11 13:54:31 +0000},
	Date-Modified = {2015-06-11 13:54:31 +0000},
	Doi = {10.1007/978-3-642-15675-5_26},
	Editor = {Janhunen, Tomi and Niemel√{\S}, Ilkka},
	Isbn = {978-3-642-15674-8},
	Language = {English},
	Pages = {300-312},
	Publisher = {Springer Berlin Heidelberg},
	Series = {Lecture Notes in Computer Science},
	Title = {Tabling with {A}nswer {S}ubsumption: {I}mplementation, {A}pplications and {P}erformance},
	Url = {http://dx.doi.org/10.1007/978-3-642-15675-5_26},
	Volume = {6341},
	Year = {2010},
	Bdsk-Url-1 = {http://dx.doi.org/10.1007/978-3-642-15675-5_26}}

@article{tabling-xsb,
	Author = {Swift, T. and Warren, D. S.},
	Date-Added = {2015-06-11 13:54:31 +0000},
	Date-Modified = {2015-10-27 19:23:46 +0000},
	Journal = {Theory Pract. Log. Program.},
	Number = {1-2},
	Numpages = {31},
	Publisher = {Cambridge University Press},
	Title = {{XSB}: Extending {P}rolog with {T}abled {L}ogic {P}rogramming},
	Volume = {12},
	Year = {2012},
	Bdsk-Url-1 = {http://dx.doi.org/10.1017/S1471068411000500}}

@article{Kanellakis199526,
	Author = {P.C. Kanellakis and G.M. Kuper and P.Z. Revesz},
	Date-Added = {2015-06-11 13:54:31 +0000},
	Date-Modified = {2015-10-27 19:21:38 +0000},
	Journal = {Journal of Computer and System Sciences},
	Number = {1},
	Pages = {26 - 52},
	Title = {Constraint Query Languages},
	Volume = {51},
	Year = {1995},
	Bdsk-Url-1 = {http://www.sciencedirect.com/science/article/pii/S0022000085710513},
	Bdsk-Url-2 = {http://dx.doi.org/10.1006/jcss.1995.1051}}

@inproceedings{Swift:2010:TAS:1888743.1888771,
	Author = {Swift, T. and Warren, D. S.},
	Booktitle = {Proceedings of the 12th European Conference on Logics in Artificial Intelligence},
	Date-Added = {2015-06-11 13:54:31 +0000},
	Date-Modified = {2015-10-27 19:23:08 +0000},
	Pages = {300--312},
	Title = {Tabling with Answer Subsumption: Implementation, Applications and Performance},
	Year = {2010},
	Bdsk-Url-1 = {http://dl.acm.org/citation.cfm?id=1888743.1888771}}

@article{Ceri:1989:YAW:627272.627357,
	Author = {Ceri, S. and Gottlob, G. and Tanca, L.},
	Date-Added = {2015-06-11 13:54:31 +0000},
	Date-Modified = {2015-10-27 19:21:16 +0000},
	Journal = {IEEE Trans. on Knowl. and Data Eng.},
	Pages = {146--166},
	Publisher = {IEEE Educational Activities Department},
	Title = {What You Always Wanted to Know About {D}atalog (And Never Dared to Ask)},
	Volume = {1},
	Year = {1989},
	Bdsk-Url-1 = {http://dx.doi.org/10.1109/69.43410}}

@article{Toman:1998:MEC:593226.593267,
	Author = {Toman, D.},
	Date-Added = {2015-06-11 13:54:31 +0000},
	Date-Modified = {2015-10-27 19:24:19 +0000},
	Journal = {Constraints},
	Publisher = {Kluwer Academic Publishers},
	Title = {Memoing {E}valuation for {C}onstraint {E}xtensions of {D}atalog},
	Volume = {2},
	Year = {1998},
	Bdsk-Url-1 = {http://dx.doi.org/10.1023/A:1009799613661}}

@article{Dantsin:2001:CEP:502807.502810,
	Acmid = {502810},
	Address = {New York, NY, USA},
	Author = {Dantsin, E. and Eiter, T. and Gottlob, G. and Voronkov, A.},
	Date-Added = {2015-06-11 13:54:31 +0000},
	Date-Modified = {2015-06-11 13:54:31 +0000},
	Doi = {10.1145/502807.502810},
	Issn = {0360-0300},
	Issue_Date = {September 2001},
	Journal = {ACM Comput. Surv.},
	Keywords = {Complexity, datalog, expressive power, logic programming, nonmonotonic logic, query languages},
	Month = sep,
	Number = {3},
	Numpages = {52},
	Pages = {374--425},
	Publisher = {ACM},
	Title = {Complexity and Expressive Power of Logic Programming},
	Url = {http://doi.acm.org/10.1145/502807.502810},
	Volume = {33},
	Year = {2001},
	Bdsk-Url-1 = {http://doi.acm.org/10.1145/502807.502810},
	Bdsk-Url-2 = {http://dx.doi.org/10.1145/502807.502810}}

@article{Feder:1999:CSM:298483.298498,
	Author = {Feder, T. and Vardi, M.},
	Date-Added = {2015-06-11 13:54:31 +0000},
	Date-Modified = {2015-10-27 19:20:23 +0000},
	Journal = {SIAM J. Comput.},
	Number = {1},
	Pages = {57--104},
	Publisher = {Society for Industrial and Applied Mathematics},
	Title = {The {C}omputational {S}tructure of {M}onotone {M}onadic {SNP} and {C}onstraint {S}atisfaction: A {S}tudy {T}hrough {D}atalog and {G}roup {T}heory},
	Volume = {28},
	Year = {1999},
	Bdsk-Url-1 = {http://dx.doi.org/10.1137/S0097539794266766}}

@article{Gottlob:2003:CSD:794095.794102,
	Acmid = {794102},
	Address = {Duluth, MN, USA},
	Author = {Gottlob, G. and Papadimitriou, C.},
	Date-Added = {2015-06-11 13:54:31 +0000},
	Date-Modified = {2015-06-11 13:54:31 +0000},
	Doi = {10.1016/S0890-5401(03)00012-9},
	Issn = {0890-5401},
	Issue_Date = {May 25, 2003},
	Journal = {Inf. Comput.},
	Keywords = {clause implication, complexity, datalog, descriptive complexity, exponential time, expressive power, linear recursion, logic programming, single rule program, sirup, subsumption},
	Month = may,
	Number = {1},
	Numpages = {19},
	Pages = {104--122},
	Publisher = {Academic Press, Inc.},
	Title = {On the Complexity of Single-rule Datalog Queries},
	Url = {http://dx.doi.org/10.1016/S0890-5401(03)00012-9},
	Volume = {183},
	Year = {2003},
	Bdsk-Url-1 = {http://dx.doi.org/10.1016/S0890-5401(03)00012-9}}

@incollection{heuristic-cp-nets,
	Author = {Aydoƒ{\"u}an, Reyhan and Baarslag, Tim and Hindriks, KoenV. and Jonker, CatholijnM. and Yolum, Pƒ$\pm$nar},
	Booktitle = {Complex Automated Negotiations: Theories, Models, and Software Competitions},
	Date-Added = {2015-06-11 13:54:31 +0000},
	Date-Modified = {2015-06-11 13:54:31 +0000},
	Doi = {10.1007/978-3-642-30737-9_7},
	Editor = {Ito, Takayuki and Zhang, Minjie and Robu, Valentin and Matsuo, Tokuro},
	Isbn = {978-3-642-30736-2},
	Language = {English},
	Pages = {113-123},
	Publisher = {Springer Berlin Heidelberg},
	Series = {Studies in Computational Intelligence},
	Title = {Heuristic-Based Approaches for CP-Nets in Negotiation},
	Url = {http://dx.doi.org/10.1007/978-3-642-30737-9_7},
	Volume = {435},
	Year = {2013},
	Bdsk-Url-1 = {http://dx.doi.org/10.1007/978-3-642-30737-9_7}}

@misc{xsbonline,
	Author = {Swift, T. and Warren, D. S.},
	Date-Added = {2015-06-11 13:54:31 +0000},
	Date-Modified = {2015-06-11 13:54:31 +0000},
	Howpublished = {\url{http://http://xsb.sourceforge.net/}},
	Title = {{XSB} Home page},
	Year = {2012}}

@article{cornelio2015logical,
	Author = {Cornelio, Cristina and Loreggia, Andrea and Saraswat, Vijay},
	Date-Added = {2015-06-11 13:54:31 +0000},
	Date-Modified = {2015-06-11 13:54:31 +0000},
	Journal = {arXiv preprint arXiv:1504.06374},
	Title = {Logical Conditional Preference Theories},
	Year = {2015}}
