@techreport{lawler
  ,title="Notes on probability"
  ,author="Greg Lawler"
  ,year=2016
  ,institution={Univ of Chicago}
  }
  @book{pgm-book
  ,title={Probabilistic Graphical Models}
  ,author={Daphne Kollar and Nir Friedman}
  ,year=2009
  ,publisher={The MIT Press}
  }